<?xml version="1.0" encoding="UTF-8"?><collection xmlns="http://www.loc.gov/MARC21/slim"><record><leader>00479nam--2200181-i-4500</leader><controlfield tag="001">000032391</controlfield><controlfield tag="002">20161230</controlfield><controlfield tag="005">20161230201039</controlfield><controlfield tag="008">060222s1000------------r-----000-0-ger-d</controlfield><datafield ind1=" " ind2=" " tag="041"><subfield code="a">ger</subfield></datafield><datafield ind1=" " ind2=" " tag="080"><subfield code="a">778.4:535</subfield></datafield><datafield ind1="1" ind2=" " tag="100"><subfield code="a">Menzel, E</subfield></datafield><datafield ind1="1" ind2="0" tag="245"><subfield code="a">Fourier - optik und holographie</subfield><subfield code="c">E. menzel, w. mirande, i. weingartner</subfield></datafield><datafield ind1=" " ind2=" " tag="260"><subfield code="a">NEW YORK</subfield><subfield code="b">Springer-verlag</subfield><subfield code="c">1973</subfield></datafield><datafield ind1=" " ind2=" " tag="300"><subfield code="a">XII + 358P</subfield></datafield><datafield ind1="1" ind2=" " tag="700"><subfield code="a">Weingartner, I</subfield></datafield><datafield ind1=" " ind2=" " tag="852"><subfield code="a">42203</subfield><subfield code="c">535</subfield></datafield><datafield ind1=" " ind2=" " tag="CAT"><subfield code="a">Sys</subfield><subfield code="c">20101104</subfield><subfield code="h">150543</subfield></datafield></record></collection>